<record><leader>00000cas a22000007a 4500</leader><controlfield tag="001">40606030</controlfield><controlfield tag="008">990112d18uu18uuvauwr ne      0    0eng d</controlfield><datafield ind1=" " ind2=" " tag="010"><subfield code="a">sn 98068149 </subfield></datafield><datafield ind1=" " ind2=" " tag="040"><subfield code="a">NVK</subfield><subfield code="b">eng</subfield><subfield code="c">NVK</subfield><subfield code="d">OCL</subfield><subfield code="d">NVK</subfield><subfield code="d">OCLCQ</subfield><subfield code="d">OCLCF</subfield><subfield code="d">OCLCO</subfield></datafield><datafield ind1="1" ind2=" " tag="029"><subfield code="a">AU@</subfield><subfield code="b">000014498321</subfield></datafield><datafield ind1=" " ind2=" " tag="042"><subfield code="a">msc</subfield></datafield><datafield ind1=" " ind2=" " tag="043"><subfield code="a">n-us-ny</subfield></datafield><datafield ind1="0" ind2=" " tag="130"><subfield code="a">Sunday Mercury (New York, N.Y. : Country ed.)</subfield></datafield><datafield ind1="1" ind2="0" tag="245"><subfield code="a">Sunday Mercury.</subfield></datafield><datafield ind1="1" ind2="3" tag="246"><subfield code="a">New York Sunday Mercury</subfield></datafield><datafield ind1=" " ind2=" " tag="250"><subfield code="a">Country ed.</subfield></datafield><datafield ind1=" " ind2=" " tag="260"><subfield code="a">New York, N.Y. :</subfield><subfield code="b">[s.n.]</subfield></datafield><datafield ind1=" " ind2=" " tag="300"><subfield code="a">v.</subfield></datafield><datafield ind1=" " ind2=" " tag="310"><subfield code="a">Weekly</subfield></datafield><datafield ind1="1" ind2=" " tag="362"><subfield code="a">Began in 1839?</subfield></datafield><datafield ind1=" " ind2=" " tag="580"><subfield code="a">Three editions : 1st ed. for Far West and South, Sunday Mercury (New York, N.Y. : Country ed.), issued 1:00 Friday for delivery; 2nd ed. for Eastern and Middle States, issued 4:00 Sat. for delivery; 3rd ed. for city and suburbs, Sunday Mercury (New York, N.Y.), issued Sunday morning.</subfield></datafield><datafield ind1=" " ind2=" " tag="588"><subfield code="a">Description based on : vol. 27, no. 20 (May 14, 1865).</subfield></datafield><datafield ind1=" " ind2=" " tag="588"><subfield code="a">Latest issue consulted: Vol. 27, no. 20 (May 14, 1865).</subfield></datafield><datafield ind1=" " ind2="0" tag="651"><subfield code="a">New York (N.Y.)</subfield><subfield code="v">Newspapers.</subfield></datafield><datafield ind1=" " ind2="7" tag="655"><subfield code="a">Newspapers.</subfield><subfield code="2">fast</subfield><subfield code="0">(OCoLC)fst01423814</subfield></datafield><datafield ind1=" " ind2="7" tag="651"><subfield code="a">New York (State)</subfield><subfield code="z">New York.</subfield><subfield code="2">fast</subfield><subfield code="0">(OCoLC)fst01204333</subfield></datafield><datafield ind1=" " ind2=" " tag="752"><subfield code="a">United States</subfield><subfield code="b">New York</subfield><subfield code="c">New York</subfield><subfield code="d">New York.</subfield></datafield><datafield ind1="1" ind2=" " tag="775"><subfield code="t">Sunday Mercury (New York, N.Y.)</subfield><subfield code="w">(DLC)sn 83030554</subfield></datafield></record>